% The first four references in this document are example references
% that the template use.
% If you need a to add a reference copy the correct type from below and fill
% in all fields properly. You can use other types as well but remember
% to add all required fields for that type if you do.
%
% http://en.wikibooks.org/wiki/LaTeX/Bibliography_Management#Standard_templates

% Remember to search for the reference you need first in this document.
% Someone else may have added it already, then use the same reference.

% The reference id should be first listed author in a paper and the year.
% As an example if "John Doe" wrote a paper back in 1999 the reference
% should be referred to as "doe1999".

% Website references should start with the "web:" prefix.

% Misc
% Put the same in "key" as you use in "title".
@misc{web:website,
    title = {Website},
    key = {Website},
    urldate = {2013-10-15},
    note = {This is a note to the web:website reference.},
    url = {\url{http://www.example.com}},
    howpublished = {\url{http://www.example.com}},
}

% Article
% Required fields: author, title, journal, year.
% Optional fields: volume, number, pages, month, note.
@article{article:article,
    author    = {surname, firstname and surname, firstname},
    title     = {Tile of the article:article reference},
    journal   = {Journal},
    volume   = {Volume},
    pages    = {Pages},
    year      = {year},
    month    = {month},
    note     = {Note of the article:article reference},
}

% Unpublished
% Required fields: author, title, note.
% Optional fields: month, year.
@unpublished{unpublished:unpublished,
    author = {surname, firstname and surname, firstname},
    title = {Title of the unpublished:unpublished reference.},
    note = {This is a note of the unpublished:unpublished reference.},
    url = {\url{http://www.example.com}},
    year = {2013},
}

% Book
% Required fields: author/editor, title, publisher, year.
% Optional fields: volume/number, series, address, edition, month, note.
@book{book:book,
    author    = {surname, firstname},
    title     = {Title of book:book reference},
    publisher = {Publisher},
    volume   = {Volume},
    series   = {Series},
    address  = {Address},
    edition  = {Edition},
    year      = {2013},
    month    = {Month},
    note     = {Note},
}

%%%%%%%
% Space plug and play Avionics
%%%%%%%

@misc{spa:logical_interface,
    title = {Space Plug-and-Play Architecture: Logical Interface (AIAA S-133-3-2013e)},
    key = {Space Plug-and-Play Architecture: Logical Interface (AIAA S-133-3-2013e)},
    urldate = {2013-12-02},
    note = {AIAA Standard.},
    url = {\url{http://arc.aiaa.org/doi/book/10.2514/4.102318}},
    howpublished = {\url{http://arc.aiaa.org/doi/book/10.2514/4.102318}},
}

@misc{spa:networking,
    title = {Space Plug-and-Play Architecture: Networking (AIAA S-133-2-2013e)},
    key = {Space Plug-and-Play Architecture: Networking (AIAA S-133-2-2013e)},
    urldate = {2013-12-02},
    note = {AIAA Standard.},
    url = {\url{http://arc.aiaa.org/doi/book/10.2514/4.102301}},
    howpublished = {\url{http://arc.aiaa.org/doi/book/10.2514/4.102301}},
}

@misc{spa:spacewire,
    title = {Space Plug-and-Play Architecture: Spacewire Subnet Adaptation (AIAA S-133-9-2013e)},
    key = {Space Plug-and-Play Architecture: Spacewire Subnet Adaptation (AIAA S-133-9-2013e)},
    urldate = {2013-12-02},
    note = {AIAA Standard.},
    url = {\url{http://arc.aiaa.org/doi/book/10.2514/4.102370}},
    howpublished = {\url{http://arc.aiaa.org/doi/book/10.2514/4.102370}},
}

@misc{web:vnp,
    title = {Virtual Network Protocol},
    key = "Virtual Network Protocol",
    urldate = "2013-12-02",
    note = "Accessed 2013-12-02.",
    url = {\url{http://virtual-network.github.io/vn-sdm/}},
    howpublished = {\url{http://virtual-network.github.io/vn-sdm/}},
}

%%%%%%%
% CAN Bus
%%%%%%%
@misc{standard:can_bus_fd,
    title = {CAN with Flexible Data-Rate},
    key = {CAN with Flexible Data-Rate},
    urldate = "2013-12-06",
    note = "Accessed 2013-12-06.",
    url = {\url{http://www.bosch-semiconductors.de/media/pdf_1/canliteratur/can_fd_spec.pdf}},
    howpublished = {\url{http://www.bosch-semiconductors.de/media/pdf_1/canliteratur/can_fd_spec.pdf}},
}

@misc{standard:can_bus,
    title = {CAN Bus 2.0 Specification},
    key = "CAN Bus 2.0 Specification",
    urldate = "2013-12-02",
    note = "Accessed 2013-12-02.",
    url = {\url{http://www.bosch-semiconductors.de/media/pdf_1/canliteratur/can2spec.pdf}},
    howpublished = {\url{http://www.bosch-semiconductors.de/media/pdf_1/canliteratur/can2spec.pdf}},
}

@inproceedings{lindgren2008,
    title={IP over CAN, transparent vehicular to infrastructure access},
    author={Lindgren, Per and Aittamaa, Simon and Eriksson, Johan},
    booktitle={Consumer Communications and Networking Conference, 2008. CCNC 2008. 5th IEEE},
    pages={758--759},
    year={2008},
    organization={IEEE}
}

@misc{web:porting_ip_can,
    title = "Porting the Internet Protocol to the Controller Area Network",
    key = "Porting the Internet Protocol to the Controller Area Network",
    urldate = "2013-12-03",
    note = "Accessed 2013-12-03",
    author = {Ditze, Michael and Bernhardi, Reinhard and K\"{a}mper, Guido and
        Altenband, Peter},
    url = {\url{http://www.hurray.isep.ipp.pt/rtlia2003/full_papers/8_rtlia.pdf}},
    howpublished = {\url{http://www.hurray.isep.ipp.pt/rtlia2003/full_papers/8_rtlia.pdf}},
}

%%%%%%%
% IETF RFC (Request for comments)
%%%%%%%
@misc{web:draft-ip_over_can,
    title = "IETF Draft - IP over CAN",
    key = "IETF Draft - IP over CAN",
    urldate = "2013-12-02",
    note = "Accessed 2013-12-02",
    author = "Cach, Petr and Fiedler, Petr",
    url = {\url{http://datatracker.ietf.org/doc/draft-cafi-can-ip/}},
    howpublished = {\url{http://datatracker.ietf.org/doc/draft-cafi-can-ip/}},
}

@misc{web:rfc791,
    title = {RFC 791, Internet Protocol},
    key = {RFC 0791, Internet Protocol},
    urldate = {2013-12-04},
    note = {Accessed 2013-12-04},
    url = {\url{http://datatracker.ietf.org/doc/rfc791/}},
    howpublished = {\url{http://datatracker.ietf.org/doc/rfc791/}},
}

@misc{web:rfc1631,
    title = {RFC 1631, The IP Network Address Translator (NAT)},
    key = {RFC 1631, The IP Network Address Translator (NAT)},
    urldate = {2013-12-04},
    note = {Accessed 2013-12-04},
    url = {\url{http://datatracker.ietf.org/doc/rfc1631/}},
    howpublished = {\url{http://datatracker.ietf.org/doc/rfc1631/}},
}

@misc{web:rfc1883,
    title = {RFC 1883, Internet Protocol, Version 6 (IPv6) Specification},
    key = {RFC 1883, Internet Protocol, Version 6 (IPv6) Specification},
    urldate = {2013-12-05},
    note = {Accessed 2013-12-05},
    url = {\url{http://datatracker.ietf.org/doc/rfc1883/}},
    howpublished = {\url{http://datatracker.ietf.org/doc/rfc1883/}},
}

@misc{web:rfc1918,
    title = {RFC 1918 (BCP 5), Address Allocation for Private Internets},
    key = {RFC 1918 (BCP 5), Address Allocation for Private Internets},
    urldate = {2013-12-04},
    note = {Accessed 2013-12-04},
    url = {\url{http://datatracker.ietf.org/doc/rfc1918/}},
    howpublished = {\url{http://datatracker.ietf.org/doc/rfc1918/}},
}

@misc{web:rfc2131,
    title = {RFC 2131, Dynamic Host Configuration Protocol},
    key = {RFC 2131, Dynamic Host Configuration Protocol},
    urldate = {2013-12-04},
    note = {Accessed 2013-12-04},
    url = {\url{http://datatracker.ietf.org/doc/rfc2131/}},
    howpublished = {\url{http://datatracker.ietf.org/doc/rfc2131/}},
}

@misc{web:rfc2132,
    title = {RFC 2132, DHCP Options and BOOTP Vendor Extensions},
    key = {RFC 2132, DHCP Options and BOOTP Vendor Extensions},
    urldate = {2013-12-04},
    note = {Accessed 2013-12-04},
    url = {\url{http://datatracker.ietf.org/doc/rfc2132/}},
    howpublished = {\url{http://datatracker.ietf.org/doc/rfc2132/}},
}

@misc{web:rfc2460,
    title = {RFC 2460, Internet Protocol, Version 6 (IPv6) Specification},
    key= {RFC 2460, Internet Protocol, Version 6 (IPv6) Specification},
    urldate = {2013-12-05},
    note = {Accessed 2013-12-05},
    url = {\url{http://datatracker.ietf.org/doc/rfc2460/}},
    howpublished = {\url{http://datatracker.ietf.org/doc/rfc2460/}},
}

@misc{web:rfc3022,
    title = {RFC 3022, Traditional IP Network Address Translator (Traditional NAT)},
    key = {RFC 3022, Traditional IP Network Address Translator (Traditional NAT)},
    urldate = {2013-12-04},
    note = {Accessed 2013-12-04},
    url = {\url{http://datatracker.ietf.org/doc/rfc3022/}},
    howpublished = {\url{http://datatracker.ietf.org/doc/rfc3022/}},
}

@misc{web:rfc3315,
    title = {RFC 3315, Dynamic Host Configuration Protocol for IPv6 (DHCPv6)},
    key = {RFC 3315, Dynamic Host Configuration Protocol for IPv6 (DHCPv6)},
    urldate = {2013-12-05},
    note = {Accessed 2013-12-05},
    url = {\url{http://datatracker.ietf.org/doc/rfc3315/}},
    howpublished = {\url{http://datatracker.ietf.org/doc/rfc3315/}},
}

@misc{web:rfc3633,
    title = {RFC 3633, IPv6 Prefix Options for Dynamic Host Configuration
        Protocol (DHCP) version 6},
    key = {RFC 3633, IPv6 Prefix Options for Dynamic Host Configuration
        Protocol (DHCP) version 6},
    urldate = {2013-12-06},
    note = {Accessed 2013-12-06},
    url = {\url{http://datatracker.ietf.org/doc/rfc3633/}},
    howpublished = {\url{http://datatracker.ietf.org/doc/rfc3633/}},
}

@misc{web:rfc4122,
    title = {RFC 4122, A Universally Unique IDentifier (UUID) URN Namespace},
    key = {RFC 4122, A Universally Unique IDentifier (UUID) URN Namespace},
    urldate = {2013-12-03},
    note = {Accessed 2013-12-03},
    url = {\url{http://datatracker.ietf.org/doc/rfc4122/}},
    howpublished = {\url{http://datatracker.ietf.org/doc/rfc4122/}},
}

@misc{web:rfc4291,
    title = {RFC 4291, IP Version 6 Addressing Architecture},
    key = {RFC 4291, IP Version 6 Addressing Architecture},
    urldate = {2013-12-05},
    note = {Accessed 2013-12-05},
    url = {\url{http://datatracker.ietf.org/doc/rfc4291/}},
    howpublished = {\url{http://datatracker.ietf.org/doc/rfc4291/}},
}

@misc{web:rfc4361,
    title = {RFC 4361, Node-specific Client Identifiers for Dynamic Host
    Configuration Protocol Version Four (DHCPv4)},
    key = {RFC 4361, Node-specific Client Identifiers for Dynamic Host
    Configuration Protocol Version Four (DHCPv4)},
    urldate = {2013-12-04},
    note = {Accessed 2013-12-04},
    url = {\url{http://datatracker.ietf.org/doc/rfc4361/}},
    howpublished = {\url{http://datatracker.ietf.org/doc/rfc4361/}},
}

@misc{web:rfc4862,
    title = {RFC 4862, IPv6 Stateless Address Autoconfiguration},
    key = {RFC 4862, IPv6 Stateless Address Autoconfiguration},
    urldate = {2013-12-05},
    note = {Accessed 2013-12-05},
    url = {\url{http://datatracker.ietf.org/doc/rfc4862/}},
    howpublished = {\url{http://datatracker.ietf.org/doc/rfc4862/}},
}

@misc{web:rfc4941,
    title = {RFC 4941, Privacy Extensions for Stateless Address
        Autoconfiguration in IPv6},
    key = {RFC 4941, Privacy Extensions for Stateless Address
        Autoconfiguration in IPv6},
    urldate = {2013-12-05},
    note = {Accessed 2013-12-05},
    url = {\url{http://datatracker.ietf.org/doc/rfc4941/}},
    howpublished = {\url{http://datatracker.ietf.org/doc/rfc4941/}},
}

@misc{web:rfc5952,
    title = {RFC 5952, A Recommendation for IPv6 Address Text Representation},
    key = {RFC 5952, A Recommendation for IPv6 Address Text Representation},
    urldate = {2013-12-05},
    note = {Accessed 2013-12-05},
    url = {\url{http://datatracker.ietf.org/doc/rfc5952/}},
    howpublished = {\url{http://datatracker.ietf.org/doc/rfc5952/}},
}

@misc{web:rfc6540,
    title = {RFC 6540, IPv6 Support Required for All IP-Capable Nodes},
    key = {RFC 6540, IPv6 Support Required for All IP-Capable Nodes},
    urldate = {2013-12-06},
    note = {Accessed 2013-12-06},
    url = {\url{http://datatracker.ietf.org/doc/rfc6540/}},
    howpublished = {\url{http://datatracker.ietf.org/doc/rfc6540/}},
}

@misc{web:ietf_charter_6lowpan,
    title = {6LoWPAN Working Group Charter},
    key = {6LoWPAN Working Group Charter},
    urldate = {2013-12-06},
    note = {Accessed 2013-12-06},
    url = {\url{http://datatracker.ietf.org/wg/6lowpan/charter/}},
    howpublished = {\url{http://datatracker.ietf.org/wg/6lowpan/charter/}},
}

@misc{web:ietf_charter_roll,
    title = {ROLL Working Group Charter},
    key = {ROLL Working Group Charter},
    urldate = {2013-12-06},
    note = {Accessed 2013-12-06},
    url = {\url{http://datatracker.ietf.org/wg/roll/charter/}},
    howpublished = {\url{http://datatracker.ietf.org/wg/roll/charter/}},
}


%%%% References for Inertial navigation system %%%%%
@misc{web:fog1,
    title = {The Fiber Optic Gyro (FOG) Product sheet},
    key = {The Fiber Optic Gyro (FOG) Product sheet},
    urldate = {2013-12-28},
    note = {Accessed 2013-12-28},
    url = {\url{http://www.saabgroup.com/Global/Documents%20and%20Images/Land/Weapon%20Systems/FOG/000-112_RevB_web.pdf}},
    howpublished = {\url{http://www.saabgroup.com/Global/Documents%20and%20Images/Land/Weapon%20Systems/FOG/000-112_RevB_web.pdf}},
}

@misc{web:ths4131,
    title = {THS4131 datasheet},
    key = {THS4131 datasheet},
    urldate = {2013-12-28},
    note = {Accessed 2013-12-28},
    url = {\url{http://www.ti.com/lit/ds/slos318h/slos318h.pdf}},
    howpublished = {\url{http://www.ti.com/lit/ds/slos318h/slos318h.pdf}},
}

@misc{web:adr421,
    title = {ADR421 datasheet},
    key = {ADR421 datasheet},
    urldate = {2013-12-28},
    note = {Accessed 2013-12-28},
    url = {\url{http://www.analog.com/static/imported-files/data_sheets/ADR420_421_423_425.pdf}},
    howpublished = {\url{http://www.analog.com/static/imported-files/data_sheets/ADR420_421_423_425.pdf}},
}

@misc{web:ads1255,
    title = {ADS1255 datasheet},
    key = {ADS1255 datasheet},
    urldate = {2013-12-28},
    note = {Accessed 2013-12-28},
    url = {\url{http://www.ti.com/lit/ds/symlink/ads1255.pdf}},
    howpublished = {\url{http://www.ti.com/lit/ds/symlink/ads1255.pdf}},
}

@misc{web:lm1117,
    title = {LM1117 datasheet},
    key = {LM1117 datasheet},
    urldate = {2013-12-28},
    note = {Accessed 2013-12-28},
    url = {\url{http://www.ti.com/lit/ds/symlink/lm1117-n.pdf}},
    howpublished = {\url{http://www.ti.com/lit/ds/symlink/lm1117-n.pdf}},
}

@misc{web:lt1931,
    title = {LT1931 datasheet},
    key = {LT1931 datasheet},
    urldate = {2013-12-28},
    note = {Accessed 2013-12-28},
    url = {\url{http://cds.linear.com/docs/en/datasheet/1931fa.pdf}},
    howpublished = {\url{http://cds.linear.com/docs/en/datasheet/1931fa.pdf}},
}

@misc{web:lmr62014,
    title = {LMR62014 datasheet},
    key = {LMR62014 datasheet},
    urldate = {2013-12-28},
    note = {Accessed 2013-12-28},
    url = {\url{http://www.ti.com/lit/ds/symlink/lmr62014.pdf}},
    howpublished = {\url{http://www.ti.com/lit/ds/symlink/lmr62014.pdf}},
}

@misc{web:pvg612a,
    title = {PVG612A datasheet},
    key = {PVG612A datasheet},
    urldate = {2013-12-28},
    note = {Accessed 2013-12-28},
    url = {\url{http://www.irf.com/product-info/datasheets/data/pvg612a.pdf}},
    howpublished = {\url{http://www.irf.com/product-info/datasheets/data/pvg612a.pdf}},
}

@misc{web:vn100,
    title = {VN-100 User Manual},
    key = {VN-100 User Manual},
    urldate = {2013-12-28},
    note = {Accessed 2013-12-28},
    url = {\url{http://www.vectornav.com/Downloads/Support/UM001.pdf}},
    howpublished = {\url{http://www.vectornav.com/Downloads/Support/UM001.pdf}},
}

@misc{web:max232,
    title = {MAX232 datasheet},
    key = {MAX232 datasheet},
    urldate = {2013-12-28},
    note = {Accessed 2013-12-28},
    url = {\url{http://www.ti.com/lit/ds/symlink/max232.pdf}},
    howpublished = {\url{http://www.ti.com/lit/ds/symlink/max232.pdf}},
}

%%%% End of references for Inertial navigation system %%%%%

%%%% References for Generic CAN controller %%%%%

@misc{web:at90can,
    title = {AT90CAN32/64/128 datasheet},
    key = {AT90CAN32/64/128 datasheet},
    urldate = {2013-12-28},
    note = {Accessed 2013-12-28},
    url = {\url{http://www.atmel.com/Images/doc7682.pdf}},
    howpublished = {\url{http://www.atmel.com/Images/doc7682.pdf}},
}

@misc{web:mcp2551,
    title = {MCP2551 datasheet},
    key = {MCP2551 datasheet},
    urldate = {2013-12-28},
    note = {Accessed 2013-12-28},
    url = {\url{https://www.sparkfun.com/datasheets/DevTools/Arduino/MCP2551.pdf}},
    howpublished = {\url{https://www.sparkfun.com/datasheets/DevTools/Arduino/MCP2551.pdf}},
}
%%%% End of references for Generic CAN controller %%%%%
%%%% References for Sensor Controller %%%%%

@misc{web:ec_circuit,
    title = {E.C. Circuit datasheet},
    key = {E.C. Circuit datasheet},
    urldate = {2013-12-28},
    note = {Accessed 2013-12-28},
    url = {\url{http://dlnmh9ip6v2uc.cloudfront.net/datasheets/Sensors/Biometric/EC_Circuit_3.0.pdf}},
    howpublished = {\url{http://dlnmh9ip6v2uc.cloudfront.net/datasheets/Sensors/Biometric/EC_Circuit_3.0.pdf}},
}

@misc{web:ds18b20,
    title = {DS18B20 datasheet},
    key = {DS18B20 datasheet},
    urldate = {2013-12-28},
    note = {Accessed 2013-12-28},
    url = {\url{http://datasheets.maximintegrated.com/en/ds/DS18B20.pdf}},
    howpublished = {\url{http://datasheets.maximintegrated.com/en/ds/DS18B20.pdf}},
}

@misc{web:imcl,
    title = {IMCL Low Cost Submersible Pressure Sensor},
    key = {IMCL Low Cost Submersible Pressure Sensor},
    urldate = {2013-12-28},
    note = {Accessed 2013-12-28},
    url = {\url{http://www.sensorsone.com/imcl-low-cost-submersible-pressure-sensor/}},
    howpublished = {\url{http://www.sensorsone.com/imcl-low-cost-submersible-pressure-sensor/}},
}

%%% References for the Development and Operations report %%%
@misc{web:debian_ada_policy,
    title = {Debian policy for Ada},
    key = {Debian policy for Ada},
    urldate = {2014-01-08},
    note = {Accessed 2014-01-08},
    url = {\url{http://people.debian.org/~lbrenta/debian-ada-policy.html}},
    howpublished = {\url{http://people.debian.org/~lbrenta/debian-ada-policy.html}},
}

@misc{web:avr-ada,
    title = {AVR-Ada compiler at Sourceforge},
    key = {AVR-Ada compiler at Sourceforge},
    urldate = {2014-01-08},
    note = {Accessed 2014-01-08},
    url = {\url{http://sourceforge.net/projects/avr-ada/}},
    howpublished = {\url{http://sourceforge.net/projects/avr-ada/}},
}

@misc{web:github_naiad-auv-software,
    title = {Github repository: naiad-auv-software},
    key = {Github repository: naiad-auv-software},
    urldate = {2014-01-08},
    note = {Accessed 2014-01-08},
    url = {\url{https://github.com/naiad-auv/naiad-auv-software}},
    howpublished = {\url{https://github.com/naiad-auv/naiad-auv-software}},
}

@misc{web:git-flow,
    title = {Git-flow workflow},
    key = {Git-flow workflow},
    urldate = {2014-01-08},
    note = {Accessed 2014-01-08},
    url = {\url{http://nvie.com/posts/a-successful-git-branching-model/}},
    howpublished = {\url{http://nvie.com/posts/a-successful-git-branching-model/}},
}

@misc{web:comp.lang.ada,
    title = {Newsgroup comp.lang.ada},
    key = {Newsgroup comp.lang.ada},
    urldate = {2014-01-08},
    note = {Accessed 2014-01-08},
    url = {\url{https://groups.google.com/forum/#!forum/comp.lang.ada}},
    howpublished = {\url{https://groups.google.com/forum/#!forum/comp.lang.ada}},
}

@misc{web:avr-ada-devel,
    title = {AVR-Ada Devel Mailinglist},
    key = {AVR-Ada Devel Mailinglist},
    urldate = {2014-01-08},
    note = {Accessed 2014-01-08},
    url = {\url{https://lists.sourceforge.net/lists/listinfo/avr-ada-devel}},
    howpublished = {\url{https://lists.sourceforge.net/lists/listinfo/avr-ada-devel}},
}

@misc{web:debian-ada-devel,
    title = {Debian Ada Devel Mailinglist},
    key = {Debian Ada Devel Mailinglist},
    urldate = {2014-01-08},
    note = {Accessed 2014-01-08},
    url = {\url{https://lists.debian.org/debian-ada/}},
    howpublished = {\url{https://lists.debian.org/debian-ada/}},
}
