@Misc{XilinxWiki,
title = {Getting Started guide for Xilinx Zynq},
howpublished = {http://www.wiki.xilinx.com/Getting+Started},
}
@Misc{XilDrivers,
title = {Linux Drivers for Xilinx devices},
howpublished = {http://www.wiki.xilinx.com/Linux+Drivers},
}
@Misc{can4linux,
title = {can4linux driver},
howpublished = {http://www.can-wiki.info/can4linux/man/index.html},
}


